<?xml version="1.0" encoding="UTF-8"?><collection xmlns="http://www.loc.gov/MARC21/slim"><record><leader>00424nam--2200157-i-4500</leader><controlfield tag="001">000046149</controlfield><controlfield tag="002">20161230</controlfield><controlfield tag="005">20170113232013</controlfield><controlfield tag="008">060222s1000------------r-----000-0-eng-d</controlfield><datafield ind1=" " ind2=" " tag="080"><subfield code="a">621,396:621.382(024)</subfield></datafield><datafield ind1=" " ind2=" " tag="100"><subfield code="a">Vasiliu, Emanuel</subfield></datafield><datafield ind1=" " ind2=" " tag="245"><subfield code="a">Piese si constructii radio, semiconductoarele si utilizarilelor</subfield></datafield><datafield ind1=" " ind2=" " tag="260"><subfield code="a">Bucuresti</subfield><subfield code="b">Ed.Tehnica</subfield><subfield code="c">1969</subfield></datafield><datafield ind1=" " ind2=" " tag="300"><subfield code="a">80 p</subfield></datafield><datafield ind1=" " ind2=" " tag="852"><subfield code="a">76241</subfield></datafield><datafield ind1=" " ind2=" " tag="CAT"><subfield code="a">SYS</subfield><subfield code="c">20170113</subfield><subfield code="h">232013</subfield></datafield></record></collection>